@inproceedings{cp-definition,
  title={CPlan: A Constraint Programming Approach to Planning},
  author={Peter van Beek and Xinguang Chen},
  booktitle={AAAI/IAAI},
  year={1999}
}

