@inproceedings{Hentenryck:2003,
author = {Bessi√®re, Christian and Van Hentenryck, Pascal},
year = {2003},
month = {11},
pages = {789-794},
title = {To Be or Not to Be ... a Global Constraint},
volume = {2833},
doi = {10.1007/978-3-540-45193-8_54}
}