@misc{gurobi,
   author = "Gurobi Optimization, LLC",
   title = "Gurobi Optimizer Reference Manual",
   year = 2018,
   url = "http://www.gurobi.com"
 }


 @misc{mip-basics,
  title = {{Gurobi - MIP Basics}},
  howpublished = {\url{http://www.gurobi.com/resources/getting-started/mip-basics}},
  note = {Accessed: 2019-03-13}
}

 @misc{gurobi:java,
  title = {{Gurobi - Java API}},
  howpublished = {\url{
http://www.gurobi.com/documentation/8.1/refman/java_api_overview.html}},
  note = {Accessed: 2019-04-05}
}


