 @misc{json:schema,
  title = {{JSON Schema Specification}},
  howpublished = {\url{https://json-schema.org/}},
  note = {Accessed: 2019-04-05}
}
