@Article{Burke2004,
author="Burke, Edmund K.
and De Causmaecker, Patrick
and Berghe, Greet Vanden
and Van Landeghem, Hendrik",
title="The State of the Art of Nurse Rostering",
journal="Journal of Scheduling",
year="2004",
month="Nov",
day="01",
volume="7",
number="6",
pages="441--499",
abstract="Nurse rostering is a complex scheduling problem that affects hospital personnel on a daily basis all over the world. The need for quality software solutions is acute for a number of reasons. In particular, it is very important to efficiently utilise time and effort, to evenly balance the workload among people and to attempt to satisfy personnel preferences. A high quality roster can lead to a more contented and thus more effective workforce.",
issn="1099-1425",
doi="10.1023/B:JOSH.0000046076.75950.0b",
url="https://doi.org/10.1023/B:JOSH.0000046076.75950.0b"
}


@inproceedings{Osogami2000,
  title={Classification of Various Neighborhood Operations for the Nurse Scheduling Problem},
  author={Takayuki Osogami and Hiroshi Imai},
  booktitle={ISAAC},
  year={2000}
}