@Misc{oscar,
  author = "{OscaR Team}",
  title = "{O}sca{R}: {S}cala in {O}{R}",
  year = {2012},
  note = {Available from \texttt{https://bitbucket.org/oscarlib/oscar}},
}