
@misc{jabba,
  title = {Jabba Server},
  howpublished = {\url{https://wiki.student.info.ucl.ac.be/Mat%C3%A9riel/Jabba}},
  note = {Accessed: 2019-04-14}
}
