@inproceedings{Rgin1994AFA,
  title={A Filtering Algorithm for Constraints of Difference in CSPs},
  author={Jean-Charles R{\'e}gin},
  booktitle={AAAI},
  year={1994}
}

@inproceedings{Regin:1996,
 author = {R{\'e}gin, Jean-Charles},
 title = {Generalized Arc Consistency for Global Cardinality Constraint},
 booktitle = {Proceedings of the Thirteenth National Conference on Artificial Intelligence - Volume 1},
 series = {AAAI'96},
 year = {1996},
 isbn = {0-262-51091-X},
 location = {Portland, Oregon},
 pages = {209--215},
 numpages = {7},
 url = {http://dl.acm.org/citation.cfm?id=1892875.1892906},
 acmid = {1892906},
 publisher = {AAAI Press},
} 

@inproceedings{Regin:2000,
author = {RÃ©gin, Jean-Charles and Petit, Thierry and Bessiere, Christian and Puget, Jean-Francois},
year = {2000},
month = {01},
pages = {543-548},
title = {An Original Constraint Based Approach for Solving over Constrained Problems.}
}